% This file was created with JabRef 2.7.1.
% Encoding: UTF8

@ARTICLE{Pomirleanu2013,
  author = {Pomirleanu, Nadia and Schibrowsky, John A. and Peltier, James and
	Nill, Alexander},
  title = {A review of internet marketing research over the past 20 years and
	future research direction},
  journal = {Journal of research in interactive marketing : interactive marketing
	and computer-mediated communication.},
  year = {2013},
  crossref = {http://www.emeraldinsight.com/journals.htm?articleid=17095213}
}

@ARTICLE{doi:10.1080/10641734.2008.10505236,
  author = {Ha, Louisa},
  title = {Online Advertising Research in Advertising Journals: A Review},
  journal = {Journal of Current Issues \& Research in Advertising},
  year = {2008},
  volume = {30},
  pages = {31-48},
  number = {1},
  doi = {10.1080/10641734.2008.10505236},
  eprint = {http://www.tandfonline.com/doi/pdf/10.1080/10641734.2008.10505236},
  owner = {pedroborges},
  timestamp = {2014.02.10},
  url = {http://www.tandfonline.com/doi/abs/10.1080/10641734.2008.10505236}
}

@MISC{kOA,
  author = {kOA},
  title = {Basic Terms in Advertising},
  howpublished = {\url{http://www.knowonlineadvertising.com/facts-about-online-advertising/basic-terms-in-advertising/}},
  owner = {pedroborges},
  timestamp = {2014.02.05}
}

@MISC{kOA2,
  author = {kOA},
  title = {Standard Ad Sizes},
  howpublished = {\url{http://www.knowonlineadvertising.com/facts-about-online-advertising/common-sizes-of-ads/}},
  owner = {pedroborges},
  timestamp = {2014.02.05}
}

@MISC{kOA3,
  author = {kOA},
  title = {Different Products in Online Adv.},
  howpublished = {\url{http://www.knowonlineadvertising.com/facts-about-online-advertising/different-products-in-online-adv/}},
  owner = {pedroborges},
  timestamp = {2014.02.05}
}

@MISC{PricewaterhouseCoopers2013,
  author = {PricewaterhouseCoopers, I.A.B.},
  title = {IAB internet advertising revenue report, 2012 full year results},
  howpublished = {\url{http://www.iab.net/media/file/IAB_Internet_Advertising_Revenue_Report_FY_2012_rev.pdf}},
  month = {April},
  year = {2013},
  owner = {pedroborges},
  timestamp = {2014.02.05}
}

@MISC{PricewaterhouseCoopers2013a,
  author = {PricewaterhouseCoopers, I.A.B.},
  title = {Q3 2013 Internet Advertising Revenues Climb To Landmark High Of Nearly
	\$10.7 Billion, Marking 15\% Year-Over-Year Growth},
  howpublished = {\url{http://www.iab.net/about_the_iab/recent_press_releases/press_release_archive/press_release/pr-122313}},
  month = {December},
  year = {2013},
  owner = {pedroborges},
  timestamp = {2014.02.05}
}

@ARTICLE{Schibrowsky2007722,
  author = {Schibrowsky, J.A. and Peltier, J.W. and Nill, A.},
  title = {The state of internet marketing research: A review of the literature
	and future research directions},
  journal = {European Journal of Marketing},
  year = {2007},
  volume = {41},
  pages = {722-733},
  number = {7-8},
  note = {cited By (since 1996)33},
  document_type = {Review},
  owner = {pedroborges},
  source = {Scopus},
  timestamp = {2014.02.10},
  url = {http://www.scopus.com/inward/record.url?eid=2-s2.0-34547193672&partnerID=40&md5=5c8141c420057097ff33c1c2a8e2c21a}
}

